@ARTICLE{Orion,
  author = {Xiaohan Zhao, Alessandra Sala, Christo Wilson, Haitao Zheng, Ben Y. Zhao},
  title = {Orion: Shortest Path Estimation for Large Social Graphs},
  journal = {Proceedings of The 3rd Workshop on Online Social Networks (WOSN)},
  year = {2010}
}

@ARTICLE{Vivaldi,
  author = {Frank Dabek, Russ Cox, Frans Kaashoek, Robert Morris},
  title = {Vivaldi: A Decentralized Network Coordinate System},
  journal = {SIGCOMM '04 Proceedings of the 2004 conference on Applications, technologies, architectures, and protocols for computer communications},
  year = {2004}
}

@MISC{Efrat99,
    author = {Alon Efrat, Micha Sharir, Alon Ziv},
    title = {Computing the Smallest k-Enclosing Circle and Related Problems },
    year = {1999}
}

@ARTICLE{Nimrod83,
    author = {Nimrod Megiddo},
    title = {Linear-time algorithms for linear programming in R3 and related problems},
    journal = {SIAM Journal on Computing}
    year = {1983}
}

@MISC{snap,
    title = {SNAP - Stanford Network Analysis Project},
    author = {Jure Leskovec},
    howpublished = "\url{http://snap.stanford.edu/data/egonets-Facebook.html}"
}

@MISC{gephi,
    title = {Gephi - The Open Graph Viz Platform},
    howpublished = "\url{https://gephi.org/}"
}

@MISC{cmdscale,
    title = {R - Classical (Metric) Multidimensional Scaling},
    howpublished = "\url{http://stat.ethz.ch/R-manual/R-devel/library/stats/html/cmdscale.html}"
}

